<collection xmlns="http://www.loc.gov/MARC21/slim">
   <record>
      <leader>01985cam a2200421 i 4500</leader>
      <controlfield tag="001">6815260</controlfield>
      <controlfield tag="003">OCoLC</controlfield>
      <controlfield tag="005">20150218082625.0</controlfield>
      <controlfield tag="008">140623t20152015enka     b    001 0 eng c</controlfield>
      <datafield ind1=" " ind2=" " tag="010">
         <subfield code="a">  2014024695</subfield>
      </datafield>
      <datafield ind1=" " ind2=" " tag="020">
         <subfield code="a">9781405196918 (cloth)</subfield>
      </datafield>
      <datafield ind1=" " ind2=" " tag="020">
         <subfield code="a">1405196912 (cloth)</subfield>
      </datafield>
      <datafield ind1=" " ind2=" " tag="035">
         <subfield code="a">ocn904184312</subfield>
      </datafield>
      <datafield ind1=" " ind2=" " tag="040">
         <subfield code="a">ICU/DLC</subfield>
         <subfield code="b">eng</subfield>
         <subfield code="e">rda</subfield>
         <subfield code="c">CGU</subfield>
         <subfield code="d">DLC</subfield>
         <subfield code="d">OCLCO</subfield>
         <subfield code="d">OCLCF</subfield>
         <subfield code="d">UAB</subfield>
         <subfield code="d">AEU</subfield>
      </datafield>
      <datafield ind1=" " ind2=" " tag="042">
         <subfield code="a">pcc</subfield>
      </datafield>
      <datafield ind1=" " ind2=" " tag="043">
         <subfield code="a">e-gr---</subfield>
      </datafield>
      <datafield ind1="0" ind2="0" tag="050">
         <subfield code="a">DF229.T6</subfield>
         <subfield code="b">H354 2015</subfield>
      </datafield>
      <datafield ind1="0" ind2="0" tag="082">
         <subfield code="a">938/.05</subfield>
         <subfield code="2">23</subfield>
      </datafield>
      <datafield ind1=" " ind2=" " tag="090">
         <subfield code="a">DF 229 T6 H354 2015</subfield>
         <subfield code="b">AEU</subfield>
      </datafield>
      <datafield ind1="0" ind2="2" tag="245">
         <subfield code="a">A handbook to the reception of Thucydides /</subfield>
         <subfield code="c">edited by Christine Lee and Neville Morley.</subfield>
      </datafield>
      <datafield ind1=" " ind2="1" tag="264">
         <subfield code="a">Chichester, West Sussex :</subfield>
         <subfield code="b">Wiley Blackwell,</subfield>
         <subfield code="c">2015.</subfield>
      </datafield>
      <datafield ind1=" " ind2="4" tag="264">
         <subfield code="c">©2015</subfield>
      </datafield>
      <datafield ind1=" " ind2=" " tag="300">
         <subfield code="a">xiii, 610 pages :</subfield>
         <subfield code="b">illustration ;</subfield>
         <subfield code="c">26 cm.</subfield>
      </datafield>
      <datafield ind1=" " ind2=" " tag="336">
         <subfield code="a">text</subfield>
         <subfield code="2">rdacontent</subfield>
         <subfield code="0">http://id.loc.gov/vocabulary/contentTypes/txt</subfield>
      </datafield>
      <datafield ind1=" " ind2=" " tag="337">
         <subfield code="a">unmediated</subfield>
         <subfield code="2">rdamedia</subfield>
         <subfield code="0">http://id.loc.gov/vocabulary/mediaTypes/n</subfield>
      </datafield>
      <datafield ind1=" " ind2=" " tag="338">
         <subfield code="a">volume</subfield>
         <subfield code="2">rdacarrier</subfield>
         <subfield code="0">http://id.loc.gov/vocabulary/carriers/nc</subfield>
      </datafield>
      <datafield ind1="1" ind2=" " tag="490">
         <subfield code="a">Wiley Blackwell handbooks to classical reception</subfield>
      </datafield>
      <datafield ind1=" " ind2=" " tag="504">
         <subfield code="a">Includes bibliographical references and index.</subfield>
      </datafield>
      <datafield ind1=" " ind2=" " tag="596">
         <subfield code="a">43</subfield>
      </datafield>
      <datafield ind1="0" ind2="0" tag="600">
         <subfield code="a">Thucydides</subfield>
         <subfield code="x">Appreciation.</subfield>
         <subfield code="0">http://id.loc.gov/authorities/names/n79021175</subfield>
      </datafield>
      <datafield ind1=" " ind2="0" tag="651">
         <subfield code="a">Greece</subfield>
         <subfield code="x">Historiography.</subfield>
         <subfield code="0">http://id.loc.gov/authorities/subjects/sh2008115278</subfield>
      </datafield>
      <datafield ind1="1" ind2=" " tag="700">
         <subfield code="a">Lee, Christine M.</subfield>
         <subfield code="0">http://id.loc.gov/authorities/names/no2014084996</subfield>
         <subfield code="0">http://viaf.org/viaf/309842435</subfield>
      </datafield>
      <datafield ind1="1" ind2=" " tag="700">
         <subfield code="a">Morley, Neville.</subfield>
         <subfield code="0">http://id.loc.gov/authorities/names/n95115089</subfield>
         <subfield code="0">http://viaf.org/viaf/51858912</subfield>
      </datafield>
      <datafield ind1=" " ind2=" " tag="758">
         <subfield code="0">http://worldcat.org/entity/work/id/1811194340</subfield>
      </datafield>
      <datafield ind1="0" ind2=" " tag="787">
         <subfield code="n">OCLC Work Id</subfield>
         <subfield code="o">http://worldcat.org/entity/work/id/1811194340</subfield>
      </datafield>
      <datafield ind1=" " ind2="0" tag="830">
         <subfield code="a">Wiley Blackwell handbooks to classical reception.</subfield>
         <subfield code="0">http://id.loc.gov/authorities/names/no2014158173</subfield>
      </datafield>
      <datafield ind1=" " ind2=" " tag="949">
         <subfield code="a">DF 229 T6 H354 2015</subfield>
         <subfield code="h">UAHS-B</subfield>
         <subfield code="i">0162035246055</subfield>
      </datafield>
      <datafield ind1=" " ind2=" " tag="926">
         <subfield code="a">DF 229 T6 H354 2015</subfield>
         <subfield code="w">LC</subfield>
         <subfield code="c">1</subfield>
         <subfield code="i">0162035246055</subfield>
         <subfield code="d">1/12/2017</subfield>
         <subfield code="e">11/16/2016</subfield>
         <subfield code="l">ON_SHELF</subfield>
         <subfield code="m">UAHSS</subfield>
         <subfield code="n">1</subfield>
         <subfield code="p">$150.00</subfield>
         <subfield code="r">Y</subfield>
         <subfield code="s">Y</subfield>
         <subfield code="t">BOOK</subfield>
         <subfield code="u">3/4/2015</subfield>
      </datafield>
   </record>
</collection>
